<collection xmlns="http://www.loc.gov/MARC21/slim">
<record>
  <leader>02463nam0a2200433 i 450 </leader>
  <controlfield tag="001">IT\ICCU\CNCE\018338</controlfield>
  <controlfield tag="005">20071218000000.0</controlfield>
  <datafield tag="012" ind1=" " ind2=" ">
    <subfield code="a">cano e.a, o-hi liog (3) 1590 (R)</subfield>
    <subfield code="2">fei</subfield>
  </datafield>
  <datafield tag="100" ind1=" " ind2=" ">
    <subfield code="a">19970101d1590        0itac0103    ba</subfield>
  </datafield>
  <datafield tag="101" ind1=" " ind2=" ">
    <subfield code="a">ITA</subfield>
  </datafield>
  <datafield tag="102" ind1=" " ind2=" ">
    <subfield code="a">IT</subfield>
  </datafield>
  <datafield tag="200" ind1="1" ind2=" ">
    <subfield code="a">℗L&apos;℗agricoltura et casa di villa di Carlo Stefano, gentil&apos;huomo francese nuouamente tradotta dal caualiere Hercole Cato. Con tre tauole, vna de&apos; capitoli; l&apos;altra delle cose pi ̮notabili; &amp; la terza delle cose pi ̮appartenenti alle medicine. Di nuouo ristampata, &amp; con diligenza corretta</subfield>
  </datafield>
  <datafield tag="210" ind1=" " ind2=" ">
    <subfield code="a">In Turino</subfield>
    <subfield code="c">\eredi di Niccol ̣Bevilacqua!</subfield>
    <subfield code="d">1590</subfield>
  </datafield>
  <datafield tag="215" ind1=" " ind2=" ">
    <subfield code="a">\56!, 616 p.</subfield>
    <subfield code="d">8ʻ</subfield>
  </datafield>
  <datafield tag="300" ind1=" " ind2=" ">
    <subfield code="a">A c. Oo5r: La caccia del lupo, necessaria alla casa di villa, scritta per Giouanni di Clamorgano, signore di Saana ...</subfield>
  </datafield>
  <datafield tag="620" ind1=" " ind2=" ">
    <subfield code="a">IT</subfield>
    <subfield code="d">Torino</subfield>
  </datafield>
  <datafield tag="700" ind1=" " ind2="1">
    <subfield code="a">Estienne,</subfield>
    <subfield code="b">Charles</subfield>
    <subfield code="3">IT\ICCU\CNCA\005097</subfield>
  </datafield>
  <datafield tag="702" ind1=" " ind2="1">
    <subfield code="a">Clamorgan,</subfield>
    <subfield code="b">Jean : de</subfield>
    <subfield code="3">IT\ICCU\CNCA\005647</subfield>
  </datafield>
  <datafield tag="702" ind1=" " ind2="1">
    <subfield code="a">Cati,</subfield>
    <subfield code="b">Ercole</subfield>
    <subfield code="3">IT\ICCU\CNCA\001180</subfield>
  </datafield>
  <datafield tag="712" ind1="0" ind2="0">
    <subfield code="a">Bevilacqua, Niccol ̣- eredi</subfield>
    <subfield code="3">IT\ICCU\CNCT\000513</subfield>
    <subfield code="4">650</subfield>
  </datafield>
  <datafield tag="790" ind1=" " ind2="1">
    <subfield code="a">Stefano,</subfield>
    <subfield code="b">Carlo</subfield>
    <subfield code="3">IT\ICCU\CNCA\014209</subfield>
    <subfield code="z">Estienne, Charles</subfield>
  </datafield>
  <datafield tag="790" ind1=" " ind2="1">
    <subfield code="a">Clamorgano,</subfield>
    <subfield code="b">Giovanni : di</subfield>
    <subfield code="3">IT\ICCU\CNCA\013684</subfield>
    <subfield code="z">Clamorgan, Jean : de</subfield>
  </datafield>
  <datafield tag="790" ind1=" " ind2="1">
    <subfield code="a">Cato,</subfield>
    <subfield code="b">Ercole</subfield>
    <subfield code="3">IT\ICCU\CNCA\007929</subfield>
    <subfield code="z">Cati, Ercole</subfield>
  </datafield>
  <datafield tag="790" ind1=" " ind2="0">
    <subfield code="a">Zago</subfield>
    <subfield code="c"> : di#Santa Rentua</subfield>
    <subfield code="3">IT\ICCU\CNCA\013063</subfield>
    <subfield code="z">Cati, Ercole</subfield>
  </datafield>
  <datafield tag="790" ind1=" " ind2="0">
    <subfield code="a">Zago</subfield>
    <subfield code="c"> : di#Santa#Resunda</subfield>
    <subfield code="3">IT\ICCU\CNCA\015091</subfield>
    <subfield code="z">Cati, Ercole</subfield>
  </datafield>
  <datafield tag="790" ind1=" " ind2="0">
    <subfield code="a">Scompagnato Accademico Intento</subfield>
    <subfield code="3">IT\ICCU\CNCA\015230</subfield>
    <subfield code="z">Cati, Ercole</subfield>
  </datafield>
  <datafield tag="801" ind1=" " ind2="3">
    <subfield code="a">IT</subfield>
    <subfield code="b">ICCU</subfield>
    <subfield code="c">20201114</subfield>
  </datafield>
  <datafield tag="899" ind1=" " ind2=" ">
    <subfield code="a">Biblioteca civica Giovanni Canna. Casale Monferrato</subfield>
    <subfield code="1">AL0114</subfield>
    <subfield code="2">TO0 49</subfield>
  </datafield>
  <datafield tag="899" ind1=" " ind2=" ">
    <subfield code="a">Biblioteca provinciale Scipione e Giulio Capone. Avellino</subfield>
    <subfield code="1">AV0007</subfield>
    <subfield code="2">NAP AV</subfield>
  </datafield>
  <datafield tag="899" ind1=" " ind2=" ">
    <subfield code="a">Biblioteca nazionale centrale. Firenze</subfield>
    <subfield code="1">FI0098</subfield>
    <subfield code="2">CFI CF</subfield>
  </datafield>
  <datafield tag="899" ind1=" " ind2=" ">
    <subfield code="a">Biblioteca statale. Lucca</subfield>
    <subfield code="1">LU0022</subfield>
    <subfield code="2">LUA BL</subfield>
  </datafield>
  <datafield tag="899" ind1=" " ind2=" ">
    <subfield code="a">Biblioteca nazionale Vittorio Emanuele III. Napoli</subfield>
    <subfield code="z">MUTILO</subfield>
    <subfield code="1">NA0079</subfield>
    <subfield code="2">NAP BN</subfield>
  </datafield>
  <datafield tag="899" ind1=" " ind2=" ">
    <subfield code="a">Biblioteca comunale Giosu ̈Carducci. Spoleto</subfield>
    <subfield code="1">PG0168</subfield>
    <subfield code="2">UM1 08</subfield>
  </datafield>
  <datafield tag="899" ind1=" " ind2=" ">
    <subfield code="a">Biblioteca nazionale centrale. Roma</subfield>
    <subfield code="1">RM0267</subfield>
    <subfield code="2">BVE CR</subfield>
  </datafield>
  <datafield tag="899" ind1=" " ind2=" ">
    <subfield code="a">Biblioteca comunale degli Intronati. Siena</subfield>
    <subfield code="1">SI0046</subfield>
    <subfield code="2">RT1 QI</subfield>
  </datafield>
  <datafield tag="899" ind1=" " ind2=" ">
    <subfield code="a">Biblioteca civica. Vercelli</subfield>
    <subfield code="1">VC0073</subfield>
    <subfield code="2">TO0 A2</subfield>
  </datafield>
  <datafield tag="899" ind1=" " ind2=" ">
    <subfield code="a">Biblioteca consorziale di Viterbo. Viterbo</subfield>
    <subfield code="1">VT0116</subfield>
    <subfield code="2">RMS B3</subfield>
  </datafield>
  <datafield tag="911" ind1=" " ind2=" ">
    <subfield code="a">Sul front.</subfield>
    <subfield code="9">IT\ICCU\CNCM\000521</subfield>
  </datafield>
  <datafield tag="921" ind1=" " ind2=" ">
    <subfield code="a">IT\ICCU\CNCM\000521</subfield>
    <subfield code="b">Toro accosciato ai piedi di un albero</subfield>
    <subfield code="e">Nec ingrata Diis</subfield>
    <subfield code="c">Z1163</subfield>
    <subfield code="d">Dimensioni: 4,3 x 5,5</subfield>
    <subfield code="f">TORO</subfield>
    <subfield code="g">1588-1590</subfield>
  </datafield>
</record>
</collection>
